@inproceedings{paxson2004strategies,
  title={Strategies for sound internet measurement},
  author={Paxson, Vern},
  booktitle={Proceedings of the 4th ACM SIGCOMM conference on Internet measurement},
  pages={263--271},
  year={2004},
  organization={ACM}
}

@inproceedings{gummadi2002king,
  title={King: Estimating latency between arbitrary internet end hosts},
  author={Gummadi, Krishna P and Saroiu, Stefan and Gribble, Steven D},
  booktitle={Proceedings of the 2nd ACM SIGCOMM Workshop on Internet measurment},
  pages={5--18},
  year={2002},
  organization={ACM}
}

@inproceedings{padmanabhan2001investigation,
  title={An investigation of geographic mapping techniques for internet hosts},
  author={Padmanabhan, Venkata N and Subramanian, Lakshminarayanan},
  booktitle={ACM SIGCOMM Computer Communication Review},
  volume={31},
  number={4},
  pages={173--185},
  year={2001},
  organization={ACM}
}

@misc{Website,
  title = {FIXME: update this},
  howpublished = {\url{http://www.icir.org/tbit/daxlist.txt}},
  note = {Accessed: 24/02/2013}
}

@inproceedings{spring2003scriptroute,
  title={Scriptroute: A public Internet measurement facility},
  author={Spring, Neil and Wetherall, David and Anderson, Tom and others},
  year={2003},
  organization={USITS}
}

@inproceedings{zhang2006measurement,
  title={Measurement based analysis, modeling, and synthesis of the internet delay space},
  author={Zhang, Bo and Ng, TS and Nandi, Animesh and Riedi, Rudolf and Druschel, Peter and Wang, Guohui},
  booktitle={Proceedings of the 6th ACM SIGCOMM conference on Internet measurement},
  pages={85--98},
  year={2006},
  organization={ACM}
}

@inproceedings{paxson1997end,
  title={End-to-end Internet packet dynamics},
  author={Paxson, Vern},
  booktitle={ACM SIGCOMM Computer Communication Review},
  volume={27},
  number={4},
  pages={139--152},
  year={1997},
  organization={ACM}
}

@article{francis2001idmaps,
  title={IDMaps: A global Internet host distance estimation service},
  author={Francis, Paul and Jamin, Sugih and Jin, Cheng and Jin, Yixin and Raz, Danny and Shavitt, Yuval and Zhang, Lixia},
  journal={Networking, IEEE/ACM Transactions on},
  volume={9},
  number={5},
  pages={525--540},
  year={2001},
  publisher={IEEE}
}
@inproceedings{savage1999sting,
  title={Sting: a TCP-based network measurement tool},
  author={Savage, Stefan},
  booktitle={Proceedings of the 1999 USENIX Symposium on Internet Technologies and Systems},
  pages={71--79},
  year={1999}
}
@article{matthews2000pinger,
  title={The PingER project: active Internet performance monitoring for the HENP community},
  author={Matthews, Warren and Cottrell, Les},
  journal={Communications Magazine, IEEE},
  volume={38},
  number={5},
  pages={130--136},
  year={2000},
  publisher={IEEE}
}

@article{paxson1998architecture,
  title={An architecture for large scale internet measurement},
  author={Paxson, Vern and Mahdavi, Jamshid and Adams, Andrew and Mathis, Matt},
  journal={Communications Magazine, IEEE},
  volume={36},
  number={8},
  pages={48--54},
  year={1998},
  publisher={IEEE}
}

@misc{jacobson1997pathchar,
  title={Pathchar: A tool to infer characteristics of Internet paths},
  author={Jacobson, Van},
  year={1997}
}

@inproceedings{downey1999using,
  title={Using pathchar to estimate Internet link characteristics},
  author={Downey, Allen B},
  booktitle={ACM SIGCOMM Computer Communication Review},
  volume={29},
  number={4},
  pages={241--250},
  year={1999},
  organization={ACM}
}

@inproceedings{jain2002pathload,
  title={Pathload: A measurement tool for end-to-end available bandwidth},
  author={Jain, Manish and Dovrolis, Constantinos},
  booktitle={In Proceedings of Passive and Active Measurements (PAM) Workshop},
  year={2002},
  organization={Citeseer}
}

@techreport{huang2011mobiperf,
  title={Mobiperf: Mobile network measurement system},
  author={Huang, Junxian and Chen, Cheng and Pei, Yutong and Wang, Zhaoguang and Qian, Zhiyun and Qian, Feng and Tiwana, Birjodh and Xu, Qiang and Mao, Z and Zhang, Ming and others},
  year={2011},
  institution={Technical report, Technical report). University of Michigan and Microsoft Research}
}

@article{wang2011untold,
  title={An untold story of middleboxes in cellular networks},
  author={Wang, Zhaoguang and Qian, Zhiyun and Xu, Qiang and Mao, Zhuoqing and Zhang, Ming},
  journal={SIGCOMM-Computer Communication Review},
  volume={41},
  number={4},
  pages={374},
  year={2011}
}

@inproceedings{kandula2009nature,
  title={The nature of data center traffic: measurements \& analysis},
  author={Kandula, Srikanth and Sengupta, Sudipta and Greenberg, Albert and Patel, Parveen and Chaiken, Ronnie},
  booktitle={Proceedings of the 9th ACM SIGCOMM conference on Internet measurement conference},
  pages={202--208},
  year={2009},
  organization={ACM}
}

@inproceedings{benson2010network,
  title={Network traffic characteristics of data centers in the wild},
  author={Benson, Theophilus and Akella, Aditya and Maltz, David A},
  booktitle={Proceedings of the 10th annual conference on Internet measurement},
  pages={267--280},
  year={2010},
  organization={ACM}
}
